
@book { luke13metaheuristics,
    author = {Sean Luke},
    title = {Essentials of Metaheuristics},
    edition = {Second},
    year = {2013},
    publisher = {Lulu},
    note = {Available for free at http://cs.gmu.edu/$\sim$sean/book/metaheuristics/}
}

@mastersthesis { delacruz18metaheuristics,
    author = {Gonzalo de la Cruz},
    title = {Metaheuristics for the assignment of students to class groups},
    school = {School of Computing Engineering of Oviedo},
    type = {End-of-degree thesis},
    year = {2018}
}

@manual { redondotemplate,
    author = {Jose Manuel Redondo},
    title = {Documentos-modelo para Trabajos de Fin de Grado/Master de la Escuela de Informática de Oviedo},
    edition = {1.4th},
    organization = {Escuela Universitaria de Ingeniería Técnica en Informática de Oviedo}
}

@book { russellnorvig10ai,
    author = {Stuart J. Russell and Peter Norvig},
    title = {Artificial Intelligence: A Modern Approach},
    edition = {Third},
    year = {2010},
    publisher = {Pearson Education}
}

@book { guerequetavallecillo98algdesign,
    author = {Rosa Guerequeta and Antonio Vallecillo},
    title = {Técnicas de Diseño de Algoritmos},
    year = {1998},
    publisher = {Servicio de publicaciones de la Universidad de Málaga}
}

@inproceedings { davis85ox,
    author = {Lawrence Davis},
    title = {Applying Adaptative Algorithms to Epistatic Domains},
    booktitle = {Proceedings of the 9th International Joint Conference on Artificial Intelligence. Los Angeles, CA, USA, August 1985},
    pages = {162--164},
    year = {1985},
    crossref = {joshi85ai},
    url = {http://ijcai.org/Proceedings/85-1/Papers/029.pdf}
}

@proceedings { joshi85ai,
    editor = {Aravind K. Joshi},
    title = {Proceedings of the 9th International Joint Conference on Artificial Intelligence. Los Angeles, CA, USA, August 1985},
    publisher = {Morgan Kaufmann},
    year = {1985},
    url = {http://ijcai.org/proceedings/1985-1}
}


